@misc{gold_price_dataset_2020,
  author = {{Kaggle}},
  title = {Learn Time Series Forecasting from Gold Price},
  year = {2020},
  howpublished = {\url{https://www.kaggle.com/datasets/arashnic/learn-time-series-forecasting-from-gold-price/data}},
  note = {Accessed: 2020-11-19}
}
