@misc{tmdb5000_2017,
  title        = {{TMDB} 5000 Movie Dataset},
  year         = 2017,
  howpublished = {\url{https://www.kaggle.com/datasets/tmdb/tmdb-movie-metadata}},
  note         = {Accessed: 2024-03-18},
  author       = {{The Movie Database (TMDB)}},
  month        = sep,
  day          = 28,
}
