@article{galvin2021focus,
  title={Focus on disability-free life expectancy: implications for health-related quality of life},
  author={Galvin, Ashley E and Friedman, Daniela B and H{\'e}bert, James R},
  journal={Quality of Life Research},
  volume={30},
  pages={2187--2195},
  year={2021},
  publisher={Springer}
}

@article{griffin2008changing,
  title={Changing life expectancy throughout history},
  author={Griffin, JP},
  journal={Journal of the Royal Society of Medicine},
  volume={101},
  number={12},
  pages={577--577},
  year={2008},
  publisher={SAGE Publications Sage UK: London, England}
}

@article{mathers2001estimates,
  title={Estimates of healthy life expectancy for 191 countries in the year 2000: methods and results},
  author={Mathers, Colin D and Murray, Christopher JL and Lopez, Alan D and Salomon, Joshua A and Sadana, Ritu and Tandon, Ajay and Ust{\"u}n, Bedirhan L and Chatterj, Somnath},
  journal={Global Programme on Evidence for Health Policy Discussion Paper},
  volume={38},
  pages={1--55},
  year={2001},
  publisher={Citeseer}
}

@article{rahman2011time,
  title={Time series analysis of causal relationship among gdp, agricultural, industrial and service sector growth in Bangladesh},
  author={Rahman, Md Mostafizur and Rahman, M Sayedur and Hai-Bing, WU},
  journal={China-USA Business Review},
  volume={10},
  number={1},
  year={2011},
  publisher={David Publishing Company, Inc.}
}

@article{roser2013life,
  title={Life expectancy},
  author={Roser, Max and Ortiz-Ospina, Esteban and Ritchie, Hannah},
  journal={Our world in data},
  year={2013}
}

@article{stelter2021leaders,
  title={Leaders and laggards in life expectancy among European scholars from the sixteenth to the early twentieth century},
  author={Stelter, Robert and De la Croix, David and Myrskyl{\"a}, Mikko},
  journal={Demography},
  volume={58},
  number={1},
  pages={111--135},
  year={2021},
  publisher={Duke University Press}
}

@article{wilkinson1992income,
  title={Income distribution and life expectancy.},
  author={Wilkinson, Richard G},
  journal={BMJ: British Medical Journal},
  volume={304},
  number={6820},
  pages={165},
  year={1992},
  publisher={BMJ Publishing Group}
}